@online { pierce
        , title = {Software Foundations}
        , author = {Benjamin C. Pierce and Chris Casinghino and Marco Gaboardi
                  and Michael Greenberg and Cătălin Hriţcu and Vilhelm Sjöberg
                  and Brent Yorgey}
        , version = {3.2}
        , date = {2015-01}
        , url = {https://www.cis.upenn.edu/~bcpierce/sf/current/index.html}
        , urldate = {2016-01-18}
        }